<?xml version="1.0" encoding="UTF-8"?><record xmlns="http://www.loc.gov/MARC21/slim" xmlns:cinclude="http://apache.org/cocoon/include/1.0" xmlns:zs="http://www.loc.gov/zing/srw/">
  <leader>00457nz  a2200145n  4500</leader>
  <controlfield tag="001">no2004053522</controlfield>
  <controlfield tag="003">DLC</controlfield>
  <controlfield tag="005">20040605071014.0</controlfield>
  <controlfield tag="008">040604n| acannaab           |a aaa     c</controlfield>
  <datafield tag="010" ind1=" " ind2=" ">
    <subfield code="a">no2004053522</subfield>
  </datafield>
  <datafield tag="035" ind1=" " ind2=" ">
    <subfield code="a">(OCoLC)oca06362449</subfield>
  </datafield>
  <datafield tag="040" ind1=" " ind2=" ">
    <subfield code="a">NjP</subfield>
    <subfield code="b">eng</subfield>
    <subfield code="c">NjP</subfield>
  </datafield>
  <datafield tag="100" ind1="1" ind2=" ">
    <subfield code="a">Kondylē-Lagarē, Antōnia</subfield>
  </datafield>
  <datafield tag="400" ind1="1" ind2=" ">
    <subfield code="a">Lagarē, Antōnia Kondylē-</subfield>
  </datafield>
  <datafield tag="670" ind1=" " ind2=" ">
    <subfield code="a">Viomēchanika ktiria stēn Hermoupolē, c2000:</subfield>
    <subfield code="b">t.p. (Antōnia Kondylē-Lagarē) p. 10 (architect)</subfield>
  </datafield>
</record>